
@inproceedings{alkhatib2017,
  title = {Patterns of {{Argumentation Strategies}} across {{Topics}}},
  booktitle = {Proceedings of the 2017 {{Conference}} on {{Empirical Methods}} in {{Natural}}           {{Language Processing}}},
  author = {Al Khatib, Khalid and Wachsmuth, Henning and Hagen, Matthias and Stein, Benno},
  date = {2017},
  pages = {1351--1357},
  publisher = {{Association for Computational Linguistics}},
  location = {{Copenhagen, Denmark}},
  doi = {10/gjscsq},
  url = {http://aclweb.org/anthology/D17-1141},
  urldate = {2021-04-06},
  eventtitle = {Proceedings of the 2017 {{Conference}} on {{Empirical Methods}} in {{Natural Language Processing}}}
}

@article{allen1997,
  title = {Comparing the Persuasiveness of Narrative and Statistical Evidence Using Meta‐analysis},
  author = {Allen, Mike and Preiss, Raymond W.},
  date = {1997-03-01},
  journaltitle = {Communication Research Reports},
  volume = {14},
  number = {2},
  pages = {125--131},
  issn = {0882-4096},
  doi = {10/djqrp7},
  url = {https://doi.org/10.1080/08824099709388654},
  urldate = {2020-01-11}
}

@article{carvalho2021,
  title = {The Distributional Properties of Exemplars Affect Category Learning and Generalization},
  author = {Carvalho, Paulo F. and Chen, Chi-hsin and Yu, Chen},
  date = {2021-05-28},
  journaltitle = {Scientific Reports},
  shortjournal = {Sci Rep},
  volume = {11},
  number = {1},
  pages = {11263},
  publisher = {{Nature Publishing Group}},
  issn = {2045-2322},
  doi = {10.1038/s41598-021-90743-0},
  url = {https://www.nature.com/articles/s41598-021-90743-0},
  urldate = {2021-06-14},
  issue = {1}
}

@book{cohen1988,
  title = {Statistical {{Power Analysis}} for the {{Behavioral Sciences}}},
  author = {Cohen, Jacob},
  date = {1988},
  publisher = {{Routledge}},
  doi = {10.4324/9780203771587},
  url = {http://www.taylorfrancis.com/books/9780203771587},
  urldate = {2020-08-05},
  isbn = {978-0-203-77158-7}
}

@article{cousineau2014,
  title = {Error Bars in Within-Subject Designs: A Comment on {{Baguley}} (2012)},
  shorttitle = {Error Bars in Within-Subject Designs},
  author = {Cousineau, Denis and O’Brien, Fearghal},
  date = {2014-12-01},
  journaltitle = {Behavior Research Methods},
  shortjournal = {Behav Res},
  volume = {46},
  number = {4},
  pages = {1149--1151},
  issn = {1554-3528},
  doi = {10/f6vdsw},
  url = {https://doi.org/10.3758/s13428-013-0441-z},
  urldate = {2021-06-15}
}

@thesis{dekel2021b,
  type = {phdthesis},
  title = {The {{Psychology}} of {{Managerial Capital Allocation}}},
  author = {Dekel, Shir},
  date = {2021},
  institution = {{The University of Sydney}},
  location = {{Sydney, Australia}},
  url = {https://hdl.handle.net/2123/26452},
  urldate = {2021-10-07}
}

@software{dekel2022,
  title = {The Code Used to Generate "{{Anecdotal Bias}} in {{Allocation Decisions}}: {{The Role}} of {{Anecdote Similarity}}"},
  author = {Dekel, Shir},
  date = {2022-06-12T05:05:50Z},
  url = {https://github.com/shirdekel/anecdotal-bias-in-allocation-decisions},
  urldate = {2022-06-12}
}

@article{freling2020,
  title = {When Poignant Stories Outweigh Cold Hard Facts: {{A}} Meta-Analysis of the Anecdotal Bias},
  shorttitle = {When Poignant Stories Outweigh Cold Hard Facts},
  author = {Freling, Traci H. and Yang, Zhiyong and Saini, Ritesh and Itani, Omar S. and Rashad Abualsamh, Ryan},
  date = {2020-09-01},
  journaltitle = {Organizational Behavior and Human Decision Processes},
  shortjournal = {Organizational Behavior and Human Decision Processes},
  volume = {160},
  pages = {51--67},
  issn = {0749-5978},
  doi = {10/gg4t2f},
  url = {https://www.sciencedirect.com/science/article/pii/S0749597819301633},
  urldate = {2021-04-06}
}

@incollection{gaughan2012,
  title = {Horizontal {{Integration}} and {{M}}\&{{A}}},
  booktitle = {Maximizing {{Corporate Value}} through {{Mergers}} and {{Acquisitions}}},
  editor = {Gaughan, Patrick A.},
  date = {2012},
  pages = {117--157},
  publisher = {{John Wiley \& Sons, Ltd}},
  doi = {10.1002/9781119204374.ch5},
  url = {https://onlinelibrary.wiley.com/doi/abs/10.1002/9781119204374.ch5},
  urldate = {2021-04-05},
  isbn = {978-1-119-20437-4}
}

@incollection{gaughan2012a,
  title = {Vertical {{Integration}}},
  booktitle = {Maximizing {{Corporate Value}} through {{Mergers}} and {{Acquisitions}}},
  editor = {Gaughan, Patrick A.},
  date = {2012},
  pages = {159--178},
  publisher = {{John Wiley \& Sons, Ltd}},
  doi = {10.1002/9781119204374.ch6},
  url = {https://onlinelibrary.wiley.com/doi/abs/10.1002/9781119204374.ch6},
  urldate = {2021-04-05},
  isbn = {978-1-119-20437-4}
}

@article{gavetti2005,
  title = {Strategy Making in Novel and Complex Worlds: The Power of Analogy},
  shorttitle = {Strategy Making in Novel and Complex Worlds},
  author = {Gavetti, Giovanni and Levinthal, Daniel A. and Rivkin, Jan W.},
  date = {2005},
  journaltitle = {Strategic Management Journal},
  volume = {26},
  number = {8},
  pages = {691--712},
  issn = {1097-0266},
  doi = {10/b64gsr},
  url = {https://onlinelibrary.wiley.com/doi/abs/10.1002/smj.475}
}

@article{gavetti2005a,
  title = {How {{Strategists Really Think}}},
  author = {Gavetti, Giovanni and Rivkin, Jan W.},
  date = {2005-04},
  journaltitle = {Harvard Business Review},
  shortjournal = {Harvard Business Review},
  volume = {83},
  number = {4},
  pages = {54--63},
  issn = {00178012}
}

@article{gentner1983,
  title = {Structure-{{Mapping}}: {{A Theoretical Framework}} for {{Analogy}}},
  author = {Gentner, Dedre},
  date = {1983},
  journaltitle = {Cognitive Science},
  volume = {7},
  number = {2},
  pages = {155--170},
  doi = {10/dw52z8},
  isbn = {1551-6709}
}

@article{gilboa1995,
  title = {Case-{{Based Decision Theory}}},
  author = {Gilboa, Itzhak and Schmeidler, David},
  date = {1995},
  journaltitle = {The Quarterly Journal of Economics},
  volume = {110},
  number = {3},
  eprint = {2946694},
  eprinttype = {jstor},
  pages = {605--639},
  publisher = {{Oxford University Press}},
  issn = {0033-5533},
  doi = {10/c7tz7x}
}

@article{graham2001,
  title = {The Theory and Practice of Corporate Finance: Evidence from the Field},
  shorttitle = {The Theory and Practice of Corporate Finance},
  author = {Graham, John R. and Harvey, Campbell R},
  date = {2001-05-01},
  journaltitle = {Journal of Financial Economics},
  shortjournal = {Journal of Financial Economics},
  series = {Complementary {{Research Methodologies}}: {{The InterPlay}} of {{Theoretical}}, {{Empirical}} and {{Field-Based Research}} in {{Finance}}},
  volume = {60},
  number = {2},
  eprint = {59332686},
  eprinttype = {pmid},
  pages = {187--243},
  issn = {0304-405X},
  doi = {10/fpdzrj},
  url = {https://www.sciencedirect.com/science/article/pii/S0304405X01000447},
  urldate = {2021-02-24},
  isbn = {0304405X},
  read = {Yes}
}

@article{graham2015,
  title = {Capital Allocation and Delegation of Decision-Making Authority within Firms},
  author = {Graham, John R. and Harvey, Campbell R. and Puri, Manju},
  date = {2015-03-01},
  journaltitle = {Journal of Financial Economics},
  shortjournal = {Journal of Financial Economics},
  volume = {115},
  number = {3},
  pages = {449--470},
  issn = {0304-405X},
  doi = {10/gfvz8d},
  url = {https://www.sciencedirect.com/science/article/pii/S0304405X14002335},
  urldate = {2021-02-24}
}

@article{griffin1992,
  title = {The Weighing of Evidence and the Determinants of Confidence},
  author = {Griffin, Dale and Tversky, Amos},
  date = {1992-07-01},
  journaltitle = {Cognitive Psychology},
  shortjournal = {Cognitive Psychology},
  volume = {24},
  number = {3},
  pages = {411--435},
  issn = {0010-0285},
  doi = {10/frw7xm},
  url = {https://www.sciencedirect.com/science/article/pii/001002859290013R},
  urldate = {2021-04-06}
}

@article{hayes2019,
  title = {The Diversity Effect in Inductive Reasoning Depends on Sampling Assumptions},
  author = {Hayes, Brett K. and Navarro, Danielle J. and Stephens, Rachel G. and Ransom, Keith and Dilevski, Natali},
  date = {2019-06-01},
  journaltitle = {Psychonomic Bulletin \& Review},
  shortjournal = {Psychon Bull Rev},
  volume = {26},
  number = {3},
  pages = {1043--1050},
  issn = {1531-5320},
  doi = {10/gjscss},
  url = {https://doi.org/10.3758/s13423-018-1562-2},
  urldate = {2020-12-04}
}

@incollection{hoeken2001,
  title = {Convincing Citizens: {{The}} Role of Argument Quality},
  shorttitle = {Convincing Citizens},
  booktitle = {Reading and Writing Public Documents: Problems, Solutions, and Characteristics},
  author = {Hoeken, Hans},
  editor = {Janssen, Daniël and Neutelings, Rob},
  date = {2001},
  volume = {1},
  pages = {147--169},
  publisher = {{John Benjamins Publishing Company}},
  location = {{Amsterdam}},
  doi = {10.1075/ddcs.1.08hoe},
  url = {https://benjamins.com/catalog/ddcs.1.08hoe},
  urldate = {2020-01-13},
  isbn = {978-90-272-3201-4 978-1-58811-009-1 978-90-272-9947-5}
}

@article{hoeken2009,
  title = {When Is {{Statistical Evidence Superior}} to {{Anecdotal Evidence}} in {{Supporting Probability Claims}}? {{The Role}} of {{Argument Type}}},
  shorttitle = {When Is {{Statistical Evidence Superior}} to {{Anecdotal Evidence}} in {{Supporting Probability Claims}}?},
  author = {Hoeken, Hans and Hustinx, Lettica},
  date = {2009-10},
  journaltitle = {Human Communication Research},
  volume = {35},
  number = {4},
  pages = {491--510},
  issn = {03603989, 14682958},
  doi = {10/fgtwjd},
  url = {https://academic.oup.com/hcr/article/35/4/491-510/4107468},
  urldate = {2020-01-12}
}

@article{hornikx2005,
  title = {A Review of Experimental Research on the Relative Persuasiveness of Anecdotal, Statistical, Causal, and Expert Evidence},
  author = {Hornikx, Jos},
  date = {2005-01-01},
  journaltitle = {Studies in Communication Sciences},
  shortjournal = {Studies in Communication Sciences},
  volume = {5},
  number = {1},
  pages = {205--216},
  url = {http://citeseerx.ist.psu.edu/viewdoc/download?doi=10.1.1.725.6516&rep=rep1&type=pdf}
}

@article{hornikx2018,
  title = {Combining {{Anecdotal}} and {{Statistical Evidence}} in {{Real-Life Discourse}}: {{Comprehension}} and {{Persuasiveness}}},
  shorttitle = {Combining {{Anecdotal}} and {{Statistical Evidence}} in {{Real-Life Discourse}}},
  author = {Hornikx, Jos},
  date = {2018-04-03},
  journaltitle = {Discourse Processes},
  volume = {55},
  number = {3},
  pages = {324--336},
  issn = {0163-853X},
  doi = {10/gjscrf},
  url = {https://doi.org/10.1080/0163853X.2017.1312195},
  urldate = {2020-01-11}
}

@report{jaramillo2019,
  type = {preprint},
  title = {The Impact of Anecdotal Information on Medical Decision-Making},
  author = {Jaramillo, Sara and Horne, Zachary and Goldwater, Micah},
  date = {2019-05-15},
  institution = {{PsyArXiv}},
  doi = {10.31234/osf.io/r5pmj},
  url = {https://osf.io/r5pmj},
  urldate = {2020-01-10}
}

@article{kahneman1979,
  title = {Prospect {{Theory}}: {{An Analysis}} of {{Decision}} under {{Risk}}},
  shorttitle = {Prospect {{Theory}}},
  author = {Kahneman, Daniel and Tversky, Amos},
  date = {1979},
  journaltitle = {Econometrica},
  volume = {47},
  number = {2},
  eprint = {1914185},
  eprinttype = {jstor},
  pages = {263--291},
  publisher = {{[Wiley, Econometric Society]}},
  issn = {0012-9682},
  doi = {10/g98}
}

@incollection{kahneman1982,
  title = {Intuitive Prediction: {{Biases}} and Corrective Procedures},
  shorttitle = {Intuitive Prediction},
  booktitle = {Judgment under {{Uncertainty}}},
  author = {Kahneman, Daniel and Tversky, Amos},
  editor = {Kahneman, Daniel and Slovic, Paul and Tversky, Amos},
  date = {1982-04-30},
  edition = {1},
  pages = {414--421},
  publisher = {{Cambridge University Press}},
  doi = {10.1017/CBO9780511809477.031},
  url = {https://www.cambridge.org/core/product/identifier/CBO9780511809477A046/type/book_part},
  urldate = {2022-01-30},
  isbn = {978-0-521-28414-1 978-0-521-24064-2 978-0-511-80947-7}
}

@online{kenton2021,
  title = {How {{Organizational Structures Work}}},
  author = {Kenton, Will},
  date = {2021-03-01},
  url = {https://www.investopedia.com/terms/o/organizational-structure.asp},
  organization = {{Investopedia}}
}

@article{lakens2018,
  title = {Equivalence {{Testing}} for {{Psychological Research}}: {{A Tutorial}}},
  author = {Lakens, Daniël and Scheel, Anne M. and Isager, Peder M.},
  date = {2018-06-01},
  journaltitle = {Advances in Methods and Practices in Psychological Science},
  shortjournal = {Advances in Methods and Practices in Psychological Science},
  volume = {1},
  number = {2},
  pages = {259--269},
  issn = {2515-2459},
  doi = {10/gdj7s9},
  url = {https://doi.org/10.1177/2515245918770963},
  urldate = {2020-01-07}
}

@report{lakens2019,
  type = {preprint},
  title = {Simulation-{{Based Power-Analysis}} for {{Factorial ANOVA Designs}}},
  author = {Lakens, Daniël and Caldwell, Aaron R},
  date = {2019-05-28},
  institution = {{PsyArXiv}},
  doi = {10.31234/osf.io/baxsf},
  url = {https://osf.io/baxsf},
  urldate = {2020-01-07}
}

@article{lassaline1996,
  title = {Structural Alignment in Induction and Similarity},
  author = {Lassaline, Mary E},
  date = {1996},
  journaltitle = {Journal of Experimental Psychology: Learning, Memory, and Cognition},
  volume = {22},
  number = {3},
  pages = {754--770},
  publisher = {{American Psychological Association}},
  doi = {10/fq9fww}
}

@article{lovallo2012,
  title = {Robust Analogizing and the Outside View: Two Empirical Tests of Case-Based Decision Making},
  shorttitle = {Robust Analogizing and the Outside View},
  author = {Lovallo, Dan and Clarke, Carmina and Camerer, Colin},
  date = {2012},
  journaltitle = {Strategic Management Journal},
  volume = {33},
  number = {5},
  pages = {496--512},
  issn = {1097-0266},
  doi = {10/dnkh8m},
  url = {http://onlinelibrary.wiley.com/doi/abs/10.1002/smj.962},
  urldate = {2020-02-10}
}

@article{markman1993,
  title = {Structural {{Alignment}} during {{Similarity Comparisons}}},
  author = {Markman, Arthur B. and Gentner, Dedre},
  date = {1993-10},
  journaltitle = {Cognitive Psychology},
  shortjournal = {Cognitive Psychology},
  volume = {25},
  number = {4},
  pages = {431--467},
  issn = {00100285},
  doi = {10/cqtx7q},
  url = {https://linkinghub.elsevier.com/retrieve/pii/S001002858371011X},
  urldate = {2019-10-31},
  isbn = {0010-0285}
}

@article{markman1995,
  title = {Similarity and {{Alignment}} in {{Choice}}},
  author = {Markman, Arthur B. and Medin, Douglas L.},
  date = {1995-08},
  journaltitle = {Organizational Behavior and Human Decision Processes},
  shortjournal = {Organizational Behavior and Human Decision Processes},
  volume = {63},
  number = {2},
  pages = {117--130},
  issn = {07495978},
  doi = {10/c8z7r9},
  url = {https://linkinghub.elsevier.com/retrieve/pii/S0749597885710679},
  urldate = {2019-10-31},
  isbn = {0749-5978},
  read = {Yes}
}

@article{nisbett1977,
  title = {The Halo Effect: {{Evidence}} for Unconscious Alteration of Judgments},
  shorttitle = {The Halo Effect},
  author = {Nisbett, Richard E. and Wilson, Timothy D.},
  date = {1977},
  journaltitle = {Journal of Personality and Social Psychology},
  volume = {35},
  number = {4},
  pages = {250--256},
  publisher = {{American Psychological Association}},
  location = {{US}},
  issn = {1939-1315},
  doi = {10.1037/0022-3514.35.4.250}
}

@article{radeke2020,
  title = {Altering Age and Gender Stereotypes by Creating the {{Halo}} and {{Horns Effects}} with Facial Expressions},
  author = {Radeke, Mary Katherine and Stahelski, Anthony John},
  date = {2020-07-02},
  journaltitle = {Humanities and Social Sciences Communications},
  shortjournal = {Humanit Soc Sci Commun},
  volume = {7},
  number = {1},
  pages = {1--11},
  publisher = {{Palgrave}},
  issn = {2662-9992},
  doi = {10.1057/s41599-020-0504-6},
  url = {https://www.nature.com/articles/s41599-020-0504-6},
  urldate = {2022-02-03},
  issue = {1}
}

@article{ratcliff2020,
  title = {Overcoming {{Resistance Through Narratives}}: {{Findings}} from a {{Meta-Analytic Review}}},
  shorttitle = {Overcoming {{Resistance Through Narratives}}},
  author = {Ratcliff, Chelsea L and Sun, Ye},
  date = {2020-10-01},
  journaltitle = {Human Communication Research},
  shortjournal = {Human Communication Research},
  volume = {46},
  number = {4},
  pages = {412--443},
  issn = {0360-3989},
  doi = {10/gjscrm},
  url = {https://doi.org/10.1093/hcr/hqz017},
  urldate = {2021-04-06}
}

@article{reinard1988,
  title = {The {{Empirical Study}} of the {{Persuasive Effects}} of {{Evidence The Status After Fifty Years}} of {{Research}}},
  author = {Reinard, Joohn C.},
  date = {1988},
  journaltitle = {Human Communication Research},
  volume = {15},
  number = {1},
  pages = {3--59},
  issn = {1468-2958},
  doi = {10/ccb67v},
  url = {https://onlinelibrary.wiley.com/doi/abs/10.1111/j.1468-2958.1988.tb00170.x},
  urldate = {2020-01-11}
}

@thesis{reinhart2006,
  type = {phdthesis},
  title = {Comparing the Persuasive Effects of Narrative versus Statistical Messages: {{A}} Meta -Analytic Review},
  shorttitle = {Comparing the Persuasive Effects of Narrative versus Statistical Messages},
  author = {Reinhart, Amber Marie},
  date = {2006},
  institution = {{State University of New York at Buffalo}},
  location = {{New York, US}},
  url = {https://www.researchgate.net/profile/Amber-Reinhart/publication/34707525_Comparing_the_persuasive_effects_of_narrative_versus_statistical_messages_electronic_resource_A_meta-analytic_review/links/57335b6108ae9f741b26120c/Comparing-the-persuasive-effects-of-narrative-versus-statistical-messages-electronic-resource-A-meta-analytic-review.pdf},
  isbn = {9780542630057},
  pagetotal = {103}
}

@article{remer1993,
  title = {Survey of Project Evaluation Techniques Currently Used in Industry},
  author = {Remer, Donald S. and Stokdyk, Scott B. and Van Driel, Mike},
  date = {1993-08-01},
  journaltitle = {International Journal of Production Economics},
  shortjournal = {International Journal of Production Economics},
  volume = {32},
  number = {1},
  pages = {103--115},
  issn = {0925-5273},
  doi = {10/bsc6bs},
  url = {https://www.sciencedirect.com/science/article/pii/092552739390013B},
  urldate = {2021-04-25}
}

@article{shen2015,
  title = {Impact of {{Narratives}} on {{Persuasion}} in {{Health Communication}}: {{A Meta-Analysis}}},
  shorttitle = {Impact of {{Narratives}} on {{Persuasion}} in {{Health Communication}}},
  author = {Shen, Fuyuan and Sheer, Vivian C. and Li, Ruobing},
  date = {2015-04-03},
  journaltitle = {Journal of Advertising},
  volume = {44},
  number = {2},
  pages = {105--113},
  issn = {0091-3367},
  doi = {10/gfkwj7},
  url = {https://doi.org/10.1080/00913367.2015.1018467},
  urldate = {2020-01-11}
}

@article{smith1991,
  title = {Heuristics and Biases: {{Expertise}} and Task Realism in Auditing.},
  author = {Smith, James F and Kida, Thomas},
  date = {1991},
  journaltitle = {Psychological bulletin},
  shortjournal = {Psychological bulletin},
  volume = {109},
  number = {3},
  pages = {472--489},
  issn = {1939-1455},
  doi = {10/fwv6z6}
}

@article{wainberg2013,
  title = {The Impact of Anecdotal Data in Regulatory Audit Firm Inspection Reports},
  author = {Wainberg, James S. and Kida, Thomas and David Piercey, M. and Smith, James F.},
  date = {2013-11-01},
  journaltitle = {Accounting, Organizations and Society},
  shortjournal = {Accounting, Organizations and Society},
  volume = {38},
  number = {8},
  pages = {621--636},
  issn = {0361-3682},
  doi = {10/gjscqz},
  url = {http://www.sciencedirect.com/science/article/pii/S0361368213000718},
  urldate = {2020-01-11}
}

@incollection{wainberg2018,
  title = {Stories vs {{Statistics}}: {{The Impact}} of {{Anecdotal Data}} on {{Managerial Decision Making}}},
  shorttitle = {Stories vs {{Statistics}}},
  booktitle = {Advances in {{Accounting Behavioral Research}}},
  author = {Wainberg, James S.},
  date = {2018-01-01},
  series = {Advances in {{Accounting Behavioural Research}}},
  volume = {21},
  pages = {127--141},
  publisher = {{Emerald Publishing Limited}},
  doi = {10.1108/S1475-148820180000021006},
  url = {https://doi.org/10.1108/S1475-148820180000021006},
  urldate = {2020-01-11},
  isbn = {978-1-78756-543-2 978-1-78756-544-9}
}

@article{winterbottom2008,
  title = {Does Narrative Information Bias Individual's Decision Making? {{A}} Systematic Review},
  shorttitle = {Does Narrative Information Bias Individual's Decision Making?},
  author = {Winterbottom, Anna and Bekker, Hilary L. and Conner, Mark and Mooney, Andrew},
  date = {2008-12-01},
  journaltitle = {Social Science \& Medicine},
  shortjournal = {Social Science \& Medicine},
  volume = {67},
  number = {12},
  pages = {2079--2088},
  issn = {0277-9536},
  doi = {10/cfpr4z},
  url = {https://www.sciencedirect.com/science/article/pii/S0277953608004619},
  urldate = {2021-04-06}
}

@article{yang2015,
  title = {How {{Anxiety Leads}} to {{Suboptimal Decisions Under Risky Choice Situations}}},
  author = {Yang, Zhiyong and Saini, Ritesh and Freling, Traci},
  date = {2015},
  journaltitle = {Risk Analysis},
  volume = {35},
  number = {10},
  pages = {1789--1800},
  issn = {1539-6924},
  doi = {10/f7wtcx},
  url = {https://onlinelibrary.wiley.com/doi/abs/10.1111/risa.12343},
  urldate = {2021-04-06}
}

@article{zebregs2015,
  title = {The {{Differential Impact}} of {{Statistical}} and {{Narrative Evidence}} on {{Beliefs}}, {{Attitude}}, and {{Intention}}: {{A Meta-Analysis}}},
  author = {Zebregs, Simon and van den Putte, Bas and Neijens, Peter and de Graaf, Anneke},
  options = {useprefix=true},
  date = {2015-03-04},
  journaltitle = {Health Communication},
  shortjournal = {Health Communication},
  volume = {30},
  number = {3},
  pages = {282--289},
  issn = {1041-0236},
  doi = {10/ghk97p},
  url = {https://doi.org/10.1080/10410236.2013.842528}
}


